2398 3512
1141 74 1174 131 7

128 152 198 207 ad
228 151 440 227 generis
461 147 830 216 nobilitatem,
848 158 904 201 et
931 142 1204 223 majorum
1229 141 1462 219 gloriam
1490 140 1733 196 actiones
1754 141 2047 195 hominum
2071 162 2200 196 con-

119 245 433 299 formantur
455 286 470 311 ,
513 263 615 298 nec
650 238 902 317 quotidie
950 236 1300 314 proverbium
1325 276 1340 305 ,
1374 233 1542 308 *quod
1583 233 1749 287 fortes
1792 245 2052 287 creantur
2098 233 2205 286 sor-

118 335 301 405 tibus,
343 347 400 389 et
438 334 630 403 bonis,
668 329 1077 408 comprobatur.
1118 327 1327 380 Parum
1375 337 1457 379 est
1507 324 1672 378 ctiam
1729 322 2043 378 meminisse
2078 342 2205 398 pro-

117 425 300 481 vidam
340 425 753 481 institutionem
794 443 823 474 a
873 419 1170 496 majoribus
1219 430 1504 492 acceptam
1545 436 1607 470 ac
1653 436 1843 469 omnes
1883 414 1998 470 illas
2039 415 2207 470 virtu-

110 531 220 587 teS,
277 530 444 593 atque
487 513 833 590 disciplinas,
863 511 1065 586 quibus
1093 509 1245 584 regia
1290 507 1471 584 proles
1524 506 1723 561 tenella
1772 518 1950 561 aetate
1993 504 2063 558 ad
2102 505 2205 558 hu-

108 608 473 675 manitatem,
522 604 804 678 animique
846 599 1297 676 magnitudinem
1357 597 1563 667 imbui,
1606 609 1663 651 et
1709 596 1996 650 informari
2057 595 2207 650 solet.

106 698 212 755 vIlla
255 710 479 753 tantum
519 694 853 762 recensebO,
895 712 1039 768 quae
1101 690 1169 744 ab
1210 710 1322 744 una
1371 689 1544 743 libera
1605 686 1886 742 voluntate
1940 686 2208 762 profecta,

111 788 278 843 alacri
331 787 560 864 ingenio
620 784 870 853 exculta,
928 782 1212 858 animique
1262 780 1486 834 dotibus
1546 778 1813 833 illustrata
1887 797 2209 853 germanam

110 879 314 936 summi
365 877 630 955 principis
668 893 964 953 personam
1007 872 1387 941 constituunt,
1427 870 1592 945 eique
1634 888 1909 937 amorem,
1951 879 2009 921 et
2055 867 2210 921 obse-

112 969 314 1045 quium
355 968 644 1045 publicum
699 964 1011 1021 conciliant.
1078 962 1233 1016 Hinc
1276 962 1344 1015 ab
1399 958 1769 1014 adolescentia
1819 957 1886 1012 de
1940 956 2207 1012 illecebris

112 1060 472 1129 deliciarum,
528 1057 596 1113 de
649 1056 1053 1133 voluptatibus,
1096 1066 1153 1108 et
1218 1052 1394 1121 vitiis,
1437 1051 1504 1105 de
1560 1050 1705 1119 oti0,
1735 1062 1790 1104 et
1831 1049 1974 1103 fastu
2014 1047 2212 1102 trium-

113 1150 290 1227 phans
343 1147 804 1225 temperantiam,
860 1145 1267 1200 continentiam
1291 1187 1306 1214 ,
1373 1141 1782 1196 humanitatem
1862 1158 2211 1214 summopere

115 1241 303 1296 coluit.
359 1239 522 1310 Quid
577 1239 762 1293 dicam
810 1237 877 1292 de
925 1256 1149 1291 morum
1188 1235 1464 1311 puritate,
1503 1252 1612 1307 qua
1667 1250 1881 1306 semper
1922 1228 2212 1297 excelluit,

115 1330 255 1407 quid
308 1329 377 1386 de
430 1330 742 1385 litterarum
784 1339 840 1383 et
879 1326 1238 1382 scientiarum
1280 1324 1465 1393 cultu,
1509 1320 1648 1398 quid
1689 1321 1758 1375 de
1798 1319 2110 1395 religionis,
2153 1319 2214 1372 in

114 1443 228 1497 qua
269 1441 486 1477 summa
526 1421 799 1476 virtutum
839 1417 1094 1473 omnium
1136 1415 1490 1484 continetur,
1519 1411 1936 1487 vigilantissimo
1978 1408 2166 1465 studio
2188 1408 2211 1463 ⁶?

117 1511 378 1567 Imbutus
419 1532 534 1587 quo
575 1531 704 1566 sane
744 1510 924 1564 fuerat
965 1528 996 1561 a
1051 1506 1256 1561 teneris
1297 1503 1613 1581 unguiculis
1665 1514 1950 1557 maternae
1990 1500 2213 1579 pietatis

113 1601 256 1657 lacte
291 1601 438 1656 hanc
479 1621 695 1677 semper
736 1598 1002 1668 retinuit,
1044 1597 1149 1652 hac
1194 1596 1338 1651 duce
1382 1593 1810 1649 adolescentiam
1852 1592 2016 1663 aluit,
2059 1604 2115 1647 et
2156 1590 2216 1644 in

113 1692 271 1747 omni
311 1692 452 1747 vitae
473 1691 711 1746 ·‘ratione
752 1709 929 1764 usque
973 1687 1043 1742 ad
1070 1687 1366 1743 interitum
1400 1687 1478 1741 ita
1520 1687 1761 1741 excoluit
1784 1726 1799 1751 ,
1828 1696 1892 1738 ut
1934 1680 2215 1759 quidquid

115 1781 406 1860 religionis
479 1794 619 1837 esset
671 1781 786 1857 ipse
840 1780 900 1834 in
927 1779 1120 1856 primis
1160 1797 1376 1855 semper
1422 1790 1710 1848 sanctum,
1739 1795 1953 1852 semper
2004 1771 2214 1829 habuc-

116 1873 193 1928 rit
245 1871 571 1927 inviolabile.
1493 1875 1495 1877 ’

273 1962 654 2039 Trigesimum
696 1963 890 2019 aetatis
945 1982 1159 2018 annum
1211 1961 1551 2039 expleverat,
1582 1982 1713 2018 cum
1756 1960 2038 2037 auspicato
2081 1978 2213 2012 con-

114 2052 307 2130 jugem
360 2054 465 2109 sibi
508 2053 669 2108 duxit
729 2053 901 2107 animi
956 2052 1214 2123 dotibus,
1271 2065 1327 2108 et
1379 2052 1685 2130 purissimis
1740 2051 1987 2107 moribus
2060 2068 2214 2125 prae-

117 2144 513 2199 stantissimam
538 2186 553 2213 ,
602 2164 773 2220 quam
829 2144 981 2199 Deus
1021 2145 1284 2220 sospitem
1336 2155 1537 2214 servet,
1592 2143 1837 2198 Mariam
1890 2139 2213 2195 Theresiam

118 2232 377 2290 Austriae
419 2233 900 2304 Archid'ucissam,
943 2235 1172 2290 consilio
1227 2246 1284 2290 et
1336 2233 1572 2310 impulso
1627 2233 1798 2308 Regis
1853 2230 2038 2285 Caroli
2081 2229 2216 2282 Em-

121 2326 391 2380 manuelis
444 2324 557 2402 ejus
604 2325 819 2395 fratris,
861 2325 960 2401 qui
1001 2325 1152 2402 prole
1215 2324 1450 2379 carebat.
1518 2322 2009 2379 Benedictionibus
2049 2320 2215 2374 bene-

121 2414 266 2470 dixit
318 2435 446 2470 eum
502 2414 654 2470 Deus
707 2414 1005 2470 Abraham.
1079 2414 1317 2469 Difficile
1384 2413 1542 2469 dictu
1595 2425 1677 2469 est
1730 2425 2007 2488 quantum
2081 2429 2215 2464 con-

124 2505 315 2560 tulerit
369 2505 550 2581 operis
604 2518 661 2560 et
713 2506 884 2560 studii
951 2506 1010 2559 in
1065 2503 1399 2575 educandis,
1452 2524 1591 2580 quos
1644 2514 2056 2581 procreaverat,
2121 2520 2211 2576 ge·

122 2595 255 2651 nitis
279 2637 295 2665 ,
324 2608 602 2671 quantum
654 2596 713 2650 in
768 2594 1110 2650 efformando
1151 2615 1346 2650 eorum
1399 2595 1599 2672 spiritu
1652 2593 2020 2649 elaboraverit.
2067 2591 2213 2667 Ipse-

124 2698 241 2741 met
287 2685 557 2741 edocebat
608 2698 767 2741 natos
829 2706 945 2740 non
996 2686 1250 2740 fortunae
1305 2696 1361 2740 et
1412 2685 1671 2761 sanguini
1723 2685 1912 2760 regio,
1950 2681 2063 2739 'sed
2115 2681 2215 2735 uni.

123 2775 500 2852 omnipotenti
542 2776 820 2831 honorum
886 2775 1142 2830 omnium
1194 2776 1444 2851 largitori
1486 2775 1674 2831 deberi
1715 2776 1931 2844 onmia,
1975 2792 2117 2849 quae
2158 2772 2218 2826 in

126 2878 256 2921 ortu
301 2886 402 2921 suo
442 2866 624 2921 sortiti
659 2866 870 2922 fuerint
920 2866 1179 2943 praemia.
1234 2865 1565 2922 Declarabat
1621 2865 1962 2943 apertissime
2014 2863 2219 2941 princi—

125 2976 220 3032 pes
271 2956 473 3012 referre
528 2957 831 3033 imaginem
882 2957 1127 3034 supremi
1179 2956 1426 3013 numinis
1466 2969 1523 3013 et
1576 2956 1787 3012 idcirco
1841 2954 2220 3023 clementiam,

127 3060 183 3102 et
221 3047 491 3103 iustitiam
533 3046 646 3125 ejus
685 3047 895 3104 imitari
936 3047 1166 3115 debere,
1212 3069 1505 3126 nunquam
1545 3067 1673 3105 vero
1715 3046 1987 3124 superiori
2031 3057 2221 3100 aucto-
