2398 3512
1194 124 1258 159 12

185 199 439 254 tudinem
495 198 698 268 animi,
754 217 865 273 qna
920 195 1203 251 Victorius
1259 196 1493 251 alterum
1556 196 1695 252 vitae
1765 216 1939 273 genus
1993 199 2187 273 procul
2242 220 2272 254 a

184 290 319 345 solio
354 290 460 344 sibi
502 288 813 342 ineundum
854 286 1143 363 proposuit
1184 286 1404 341 sinistra
1446 287 1905 363 interpretatione
1949 288 2158 344 audent
2186 310 2269 344 re-

184 378 528 455 prehendere
582 378 661 433 vel
716 376 885 431 etiam
939 375 1353 431 condemnare:
1396 396 1511 430 non
1566 389 1772 432 temere
1828 376 1924 432 sed
1975 380 2226 434 consulto
2251 422 2267 450 7

183 490 300 523 non
351 481 542 523 coacte
584 466 679 522 sed
719 467 891 522 libera
932 466 1212 521 voluntate
1243 508 1257 535 7
1300 486 1415 520 non
1456 468 1627 542 partis
1670 466 1899 544 alicujus
1939 469 2126 524 studio
2176 470 2272 524 sed

183 571 461 613 maturata
516 556 959 612 consideratione
1026 556 1156 611 fecit
1181 597 1195 625 a
1264 556 1418 631 quod
1484 557 1543 610 in
1605 558 2031 613 admirationem
2069 559 2273 634 'rapiat

185 669 409 703 omnem
450 648 846 723 posteritatem.
889 645 1038 700 Cum
1077 666 1204 700 vero
1247 646 1589 722 opulentiam
1633 648 1690 700 in
1731 667 1870 702 nova
1910 648 2052 703 sedis
2081 649 2272 703 statio-

186 759 256 793 ne
296 739 549 808 nomino7
577 759 694 792 non
735 737 882 791 illam
923 736 1170 811 intelligo
1199 756 1341 811 quae
1381 756 1673 812 nunquam
1715 738 1949 792 delicere
1989 750 2171 814 potest
2212 738 2272 791 in

186 829 437 905 principe
476 828 556 884 vel
596 828 802 882 throno
845 838 1091 881 carente:
1136 846 1260 882 vere
1297 826 1625 902 opulentum
1664 827 1912 903 intelligo
1955 829 2136 893 illum„
2174 829 2275 904 qui

185 919 506 994 posthabito
546 938 735 973 rerum
785 917 1125 972 caducarum
1175 937 1361 971 amore
1404 917 1687 993 opulentia
1742 917 1981 992 gaudere
2023 919 2226 972 nititur
2254 959 2270 988 ⁴>

187 1030 328 1083 quae
385 1008 642 1064 coalescit
681 1028 806 1063 rore
861 1007 999 1062 coeli
1040 1019 1096 1062 et
1137 1007 1335 1082 spiritu
1387 1007 1679 1083 principali
1733 1007 2114 1083 amplificatur.
2174 1007 2276 1062 As-

186 1112 433 1153 sucxerat
500 1100 568 1154 ab
629 1098 980 1153 incunabulis
1027 1097 1311 1173 religionis
1370 1117 1544 1172 prope
1600 1097 1783 1151 dicam
1843 1098 1979 1153 alitu
2039 1118 2152 1153 sese
2207 1097 2278 1151 ad

188 1189 524 1264 evangelicas
565 1189 794 1244 virtutes
837 1208 1185 1264 componere.
1226 1186 1351 1240 Hac
1393 1186 1535 1241 duce
1574 1200 1696 1242 tum
1745 1188 1804 1241 in
1844 1209 2105 1264 prospera
2146 1207 2277 1242 cum

189 1280 247 1334 in
302 1280 522 1335 adversa
561 1280 819 1348 fortuna7
860 1292 984 1333 tum
1025 1279 1174 1333 inter
1222 1277 1414 1332 bellica
1457 1289 1634 1332 castra
1688 1289 1810 1332 tum
1853 1278 1912 1332 in
1953 1279 2070 1333 otio
2130 1278 2280 1354 pacis

191 1391 482 1446 nunquam
518 1369 731 1424 destitit
773 1391 803 1423 a
846 1368 1146 1425 catholicae
1196 1368 1415 1443 pietatis
1457 1367 1735 1443 operibus,
1778 1389 2068 1443 nunquam
2110 1389 2140 1422 a
2180 1369 2283 1422 fer-

189 1479 314 1516 vore
357 1458 648 1515 declinavit
688 1480 802 1534 quo
842 1480 927 1513 res
967 1479 1145 1514 sacras
1188 1471 1244 1513 et
1285 1457 1629 1512 orthodoxae
1672 1457 1802 1512 fidei
1856 1458 2113 1513 instituta
2154 1478 2280 1534 pro-

190 1562 434 1604 moveret
476 1570 538 1603 ac
579 1549 954 1604 strenuissime
996 1561 1280 1620 tueretur3
1307 1548 1446 1602 nihil
1488 1547 1919 1623 aggrediebatur
1958 1548 2283 1627 praesertim

188 1659 459 1714 inagnum
500 1651 556 1693 et
598 1638 819 1693 difficile
860 1639 966 1692 nisi
1007 1639 1316 1714 praemissis
1360 1638 1430 1693 ad
1472 1639 1657 1693 Deum
1684 1638 1941 1714 precibus
1970 1638 2283 1707 enixisffin-

192 1742 424 1784 cruento
453 1728 704 1803 quotidie
746 1729 1013 1784 intererat
1054 1728 1358 1798 sacrificio,
1388 1728 1774 1783 Eucharistico
1805 1728 1955 1782 Pane
1997 1747 2284 1803 quamsae-

189 1840 258 1895 pe
298 1818 685 1888 reficiebatur,
726 1818 894 1873 libros
945 1819 1014 1872 ad
1055 1818 1355 1875 fovendum
1394 1819 1616 1894 pietatis
1657 1809 1913 1873 ardorem
1963 1817 2284 1873 consulebat

192 1909 527 1978 avidissime,
569 1909 768 1963 acriori
811 1910 1145 1964 auctoritate
1186 1921 1242 1964 et
1282 1908 1398 1963 zelo
1442 1908 1646 1964 invicto
1702 1909 1844 1963 male
1898 1908 1967 1964 de
2019 1909 2283 1985 religione

194 2013 248 2054 et
298 1999 513 2075 legibus
574 1999 951 2055 ecclesiasticis
1000 2001 1290 2077 opinantes
1331 1999 1615 2076 repressit,
1657 2020 1727 2054 ne
1777 2020 1910 2076 grex
1944 2000 2283 2075 evangelicus

193 2090 252 2143 in
294 2090 403 2144 suis
443 2091 742 2165 praecipue
784 2090 987 2145 linibus
1030 2090 1099 2144 ad
1139 2110 1410 2147 venenosa
1448 2110 1651 2166 pascua
1692 2089 2080 2145 diverteretur.

348 2179 506 2234 Haec
549 2181 695 2234 inter
734 2200 945 2235 severae
986 2182 1207 2257 pietatis
1249 2180 1510 2235 exercitia
1551 2191 1608 2234 et
1647 2200 1859 2234 sacram
1894 2179 2275 2235 virtuosissimi

193 2270 294 2324 otii
335 2270 795 2345 tranquillitatem
835 2291 1130 2346 nunquam
1170 2270 1417 2325 dimotus
1460 2291 1489 2323 a
1532 2269 1977 2324 constantissimo
2021 2268 2279 2334 consilim

192 2380 306 2435 quo
358 2361 599 2435 privatae
641 2360 780 2414 vitae
835 2362 1114 2415 rationem
1167 2361 1272 2416 sibi
1312 2373 1510 2437 sponte
1552 2372 1607 2415 et
1661 2359 1830 2414 libere
1885 2371 2281 2435 proposuerat,

193 2450 342 2504 nullo
384 2451 554 2504 modo
595 2450 1001 2525 insululgendum
1040 2452 1254 2528 putavit
1294 2451 1506 2506 iteratis
1548 2450 2075 2525 vehementibusque
2115 2449 2283 2519 votis,

195 2541 398 2615 quibus
438 2540 509 2594 ad
548 2541 788 2615 regalem
829 2540 1028 2595 solium
1076 2541 1238 2597 rebus
1268 2542 1325 2595 in
1353 2542 1648 2617 pristinum
1679 2539 1950 2595 restitutis
1979 2539 2284 2596 avidissime

194 2651 224 2683 a
263 2630 468 2707 populo
510 2629 732 2706 ejusque
762 2631 1139 2686 amantissimo
1180 2652 1491 2687 successore
1534 2653 1649 2685 non
1691 2632 1806 2685 sine
1848 2631 2127 2685 bonorum
2169 2650 2285 2683 om-

193 2720 353 2774 nium
405 2720 599 2796 plausu
648 2721 1037 2775 revocabattu·.
1080 2720 1234 2775 Hinc
1290 2721 1361 2775 ad
1409 2721 1709 2776 tollendam
1750 2741 1975 2775 omnem
2028 2739 2286 2774 revocan-

196 2810 341 2864 tium
406 2829 559 2885 spem
582 2851 596 2879 7
657 2809 918 2885 singulari
975 2831 1038 2865 ac
1091 2810 1251 2886 plane
1301 2824 1532 2886 paterno
1558 2852 1573 2881 ‚
1616 2831 1728 2885 quo
1792 2811 1850 2863 in
1909 2810 2088 2884 regias
2144 2809 2280 2862 filias

198 2917 383 2954 amore
424 2899 732 2968 serebatur,
777 2900 992 2955 censuit
1033 2900 1184 2954 adire
1226 2899 1513 2955 Mutinam
1562 2899 1761 2956 deinde
1805 2900 2043 2969 Lucam,
2086 2911 2151 2954 ut
2200 2918 2286 2953 ea-

200 3008 323 3042 rum
378 2988 779 3044 consuetudine
804 3032 819 3060 ·>
869 3002 924 3045 et
979 2991 1318 3066 amplexibus
1372 3003 1655 3047 uteretur.
1697 2989 1935 3045 Difficile
1991 2988 2146 3043 dictu
2197 3001 2279 3043 est

201 3091 478 3154 quantum
538 3079 919 3135 admirationis
982 3092 1037 3136 et
1077 3081 1485 3138 benevolentiae
1547 3081 1606 3135 in
1659 3101 1714 3137 se
1769 3079 2117 3149 excitaverit7
2159 3078 2272 3133 imo
