2398 3512
1249 81 1284 133 ὅ

220 167 385 221 ritate
440 166 597 223 abuti
648 165 728 223 vel
767 168 1047 244 potentia,
1086 167 1402 245 superbiam
1456 182 1511 225 et
1563 171 1766 227 fastum
1806 172 1990 248 regiae
2045 172 2320 231 conditio—

221 257 306 311 nis
356 277 387 310 a
427 257 596 333 stirpe
651 278 748 312 sua
802 258 1024 334 penitus
1052 258 1292 337 ejectum
1340 260 1685 319 decernebat.
1741 262 1923 341 Hujus
1951 284 2076 320 vero
2117 266 2316 321 mundi

223 348 460 424 speciem
504 348 832 403 ostendebat
873 369 1061 405 cereae
1102 371 1299 406 eorum
1326 352 1503 406 menti
1532 373 1633 408 ceu
1666 355 1883 409 nitrum
1923 354 2318 432 sulphureum,

225 451 281 492 et
321 450 590 513 tanquam
630 439 786 514 ignes
840 454 1118 511 errantes,
1167 443 1265 518 qui
1306 443 1577 518 fugaciter
1625 445 1848 521 signato
1890 446 2119 522 vestigio
2177 447 2314 504 lucis

225 528 303 581 nil
333 527 481 582 aliud
528 542 655 605 post
708 550 763 585 se
816 530 1173 608 relinquunt⁷
1228 553 1398 609 quam
1453 554 1673 609 gravem
1726 535 1989 606 odorem,
2026 536 2319 612 pallentem

226 618 529 691 umbram7
571 619 903 695 pellucidam
957 623 1156 679 erroris
1211 624 1607 700 cognitionem.
1669 625 1796 680 IIac
1850 625 2113 702 equidem
2167 627 2323 683 insti-

227 709 447 764 tutione
490 730 809 786 comparare
852 713 1082 769 curabat
1123 727 1373 792 tempora
1420 715 1598 771 felicia
1638 716 1883 793 populis7
1926 717 2129 792 quibus
2170 739 2326 796 prae-

229 818 342 853 esse
395 813 579 875 possct
631 802 784 877 regia
836 803 1028 879 proles.
1109 804 1276 874 Quae
1330 827 1459 861 eum
1514 806 1592 862 ita
1633 807 1776 877 sint,
1833 807 1892 861 in
1946 807 2185 863 dubium
2237 829 2321 863 re-

230 890 410 944 vocari
451 892 681 967 nequit7
712 894 850 968 quin
878 894 1161 951 Victorius
1190 895 1525 952 Emmanuel
1578 890 1683 952 sibi
1725 909 1982 952 constans
2024 898 2083 952 in
2124 898 2326 954 virtute

227 979 520 1035 recolenda
547 1023 562 1051 .,
618 995 675 1037 et
728 984 1067 1060 assequenda
1141 987 1290 1063 pacis
1343 987 1794 1064 pulchritudine7
1849 988 2143 1064 quievisset
2206 1009 2324 1045 non

226 1069 431 1141 modo,
475 1071 571 1126 sed
612 1073 866 1127 eamdem
920 1075 1088 1130 ctiam
1142 1077 1201 1130 in
1241 1099 1542 1153 perennem
1582 1090 1845 1132 natorum
1874 1098 2137 1150 suorum,
2167 1079 2211 1135 si
2241 1101 2329 1135 su-

226 1172 539 1236 peressent,
581 1162 982 1220 haereditatem
1022 1167 1424 1223 transmisisset.
1480 1168 1642 1237 Quid
1691 1169 1880 1244 itaque
1921 1169 2057 1224 boni
2103 1190 2324 1248 speran-

227 1250 364 1304 dum
428 1252 595 1309 suerit
648 1254 716 1309 de
772 1253 1032 1334 Principe
1080 1269 1197 1313 tam
1243 1258 1527 1335 religioso.,
1584 1272 1700 1314 tam
1753 1259 1965 1335 sagaci⁷
2018 1273 2134 1317 tam
2190 1283 2320 1318 con-

226 1341 370 1397 sulto
422 1363 589 1398 nemo
642 1365 759 1399 non
797 1345 958 1403 videt.
1011 1346 1097 1402 Ea
1138 1361 1257 1404 erat
1297 1349 1549 1406 conditio
1603 1362 1922 1427 temporum
1960 1363 2027 1406 ut
2067 1372 2210 1429 quae
2252 1355 2327 1407 vi-

227 1431 506 1489 debantur
552 1434 846 1493 adamante
886 1437 1132 1494 firmiora
1187 1441 1461 1496 continuo
1501 1453 1762 1511 ruerent,
1799 1453 1864 1496 ut
1909 1461 2051 1498 nova
2100 1463 2327 1498 consur-

228 1538 436 1599 gerent.
490 1525 683 1597 Quam
725 1528 1304 1605 incomprehensibilia
1357 1543 1489 1587 sunt
1515 1531 1886 1587 inscrutabilis
1914 1544 2169 1588 aeternae
2198 1554 2326 1610 pro-

229 1614 501 1672 videntiae
550 1616 782 1694 judicia!
840 1618 985 1675 illico
1038 1620 1247 1676 factum
1299 1622 1446 1692 fuit,
1507 1635 1573 1678 ut
1625 1623 1724 1699 qui
1792 1622 1852 1677 in
1903 1623 2321 1699 pulchritudine

227 1706 376 1780 pacis
430 1707 679 1779 vivebat,
733 1709 915 1785 regale
968 1709 1039 1765 ad
1092 1712 1292 1767 soliiun
1345 1724 1678 1768 evocaretur.
1725 1712 2046 1789 Tempestas
2089 1714 2175 1767 illa
2230 1713 2323 1769 ad-

227 1810 450 1852 venerat
502 1798 924 1872 infaustissima7
966 1801 1027 1856 iu
1068 1822 1179 1879 qua
1221 1815 1424 1858 cuncta
1476 1823 1577 1880 per
1617 1803 1928 1860 universam
1969 1825 2109 1880 pene
2140 1805 2323 1861 Euro-

226 1908 356 1964 pam
410 1888 470 1942 in
523 1911 782 1968 praeceps
837 1893 1231 1970 erumpebant,
1286 1913 1538 1949 eversura
1603 1892 1885 1970 quidquid
1936 1895 2276 1972 experientia
2306 1939 2321 1966 .,

228 1989 284 2032 et
320 1980 610 2035 consilium
635 2023 650 2050 ‚
679 1982 822 2058 leges
876 1996 933 2039 et
985 1984 1240 2040 instituta
1291 1982 1567 2061 maj0rum
1618 1983 2096 2061 providentissime
2148 2006 2326 2062 popu-

226 2068 409 2123 lorum
461 2070 709 2127 felicitati
762 2074 1152 2149 praestiterant
1211 2073 1283 2129 ad
1335 2095 1516 2130 mores
1572 2075 2015 2151 componendOS,
2071 2075 2141 2130 ad
2177 2097 2329 2131 com-⁴

226 2159 519 2235 primenda
567 2161 767 2217 delicta
790 2205 805 2232 7
863 2163 934 2218 ad
974 2164 1258 2242 religionis
1307 2165 1463 2243 jura,
1491 2178 1548 2222 ct
1590 2164 1812 2220 decreta
1869 2166 2101 2222 civiliter
2149 2166 2322 2223 vindi-

227 2250 418 2306 canda.
473 2251 704 2308 Carolus
745 2253 1080 2311 Emmanuel
1135 2256 1389 2327 Quartus
1430 2255 1701 2332 quamqui
1754 2255 1995 2312 maxime
2041 2269 2321 2334 praestan-

225 2339 468 2397 tissimus
498 2385 513 2413 7
563 2343 631 2397 ab
686 2343 940 2420 Augusta
995 2346 1329 2403 Taurinensi
1381 2346 1526 2403 Sede
1566 2347 1956 2403 violentissima
1980 2388 1984 2392 -
2011 2347 2321 2424 irruptione

228 2430 594 2504 deturbatur,
641 2434 931 2491 Sardiniae
985 2457 1222 2513 regnum
1270 2437 1413 2493 illico
1466 2438 1779 2496 subiturus:
1812 2458 1933 2492 eam
1985 2458 2185 2514 nempe
2239 2458 2322 2492 re-

229 2523 454 2598 gionem
493 2525 562 2579 ab
617 2525 830 2581 insidiis
883 2526 1129 2582 hostium
1176 2528 1384 2604 insigni
1437 2528 1667 2584 consilio
1703 2540 1946 2584 servarat
1973 2528 2322 2583 incolumem.

228 2614 485 2671 Victorio
538 2615 766 2671 interim
820 2616 1095 2673 detulerat
1149 2617 1380 2675 Carolus
1421 2620 1716 2695 imperium
1784 2619 1944 2694 regni
1993 2618 2211 2696 sospitis
2258 2618 2325 2673 ab

232 2717 383 2776 astu,
444 2717 501 2761 et
548 2706 711 2761 armis
730 2749 745 2777 7
790 2728 931 2783 quae
974 2721 1110 2764 timo
1151 2711 1416 2788 temporis
1465 2710 1673 2786 ubique
1728 2709 2065 2784 ingruebant
2116 2708 2323 2764 felicio-

232 2796 385 2850 ribus
440 2797 733 2873 auspiciiS„
789 2810 845 2853 et
892 2819 1025 2854 ecce
1079 2800 1177 2875 qui
1218 2800 1277 2854 in
1329 2799 1743 2877 pulchritudine
1790 2799 1940 2876 pacis
1987 2799 2222 2869 vixerat,
2254 2797 2323 2853 ad

232 2885 587 2942 tabernacula
629 2888 863 2943 fiduciae
906 2890 1203 2966 confugere
1258 2890 1465 2947 debuit.

392 2977 728 3034 Inconcussa
768 2980 962 3035 veritas
1004 2993 1117 3051 est,
1160 2981 1439 3058 quidquid
1491 2982 1551 3036 in
1592 2982 1934 3038 contrarium
1986 2981 2321 3049 blateretur7

238 3087 392 3143 reges
447 3069 749 3145 imaginem
779 3070 884 3124 Dei
915 3083 1338 3147 repraesentare.
1383 3071 1537 3127 Nulli
1580 3071 1848 3143 dubium„
1891 3071 2046 3148 quod
2087 3091 2153 3126 eo
2207 3090 2321 3123 ma—
