2398 3512
1150 87 1217 142 13

126 198 252 234 vero
306 197 530 252 semper
586 176 954 246 converterit„
1022 195 1379 251 quocumque
1419 176 1669 231 locorum
1710 180 2035 255 pervenerit.
2097 182 2220 237 Cir-

133 266 511 322 cumssuebant
564 285 754 320 omnes
809 265 1139 340 inspecturi,
1194 267 1380 342 potius
1423 267 1603 321 dicam
1643 271 1952 324 veneraturi
1994 270 2220 327 heroem

131 357 392 432 antiquae
434 356 649 412 virtutis
691 355 1134 431 magnanimum,
1175 355 1367 431 pium7
1408 356 1989 414 beneficentissimum.
2041 360 2218 416 Abso-

129 446 257 501 lutis
304 446 494 522 itaque
522 445 779 500 omnibus
807 457 1068 522 paternae
1118 446 1177 499 in
1229 458 1385 502 natas
1427 448 1709 504 charitatis
1751 450 1945 506 officiis
1986 453 2045 506 in
2088 454 2222 508 Gal-

132 537 266 591 liam
310 537 673 613 Subalpinam
727 557 781 591 se
822 536 1063 612 recepit,
1106 536 1384 612 reliquum
1423 539 1562 594 vitae
1616 552 1833 616 tempus
1889 542 1948 595 in
2008 545 2222 619 magni-

128 627 234 682 fica
290 627 536 703 itemque
591 627 974 682 amoenissima
1016 626 1217 683 Galerii
1259 627 1474 684 Montis
1516 649 1640 685 arce
1680 633 1873 707 procul
1914 654 1945 687 a
1985 635 2222 710 negotiis

136 718 395 772 omnibus
437 719 495 771 in
536 717 787 793 religiosa
828 738 963 794 pace
1006 729 1297 773 exacturus
1320 761 1331 772 .

291 808 501 863 Verum
555 829 670 862 non
712 808 888 862 multo
930 819 1057 884 post
1099 809 1284 885 coepit
1336 809 1646 866 valetudine
1701 811 2072 888 ingravescere
2097 859 2112 887 .,
2168 830 2224 872 et

131 898 284 953 lento
312 898 543 975 quidem
584 897 679 952 sed
708 898 966 953 morboso
1004 897 1201 973 jecoris
1243 899 1604 955 incommodo
1632 901 1908 977 laborare3
1935 917 2058 960 tum
2098 929 2223 963 vero

132 989 347 1044 enixius
388 989 668 1064 religionis
711 1009 813 1064 ope
856 988 1181 1064 implorata⁷
1218 1001 1273 1044 et
1295 991 1528 1066 repetita
1568 992 1650 1047 vel
1690 993 2103 1067 Poenitentiae.,
2146 999 2222 1054 vel

135 1078 520 1134 Eucharistiae
570 1092 1044 1134 sacramentorum
1093 1081 1484 1156 perceptione,
1528 1081 1853 1159 deprecatus
1908 1087 2109 1157 etiam7
2161 1102 2227 1144 ut

134 1171 178 1225 si
222 1191 357 1246 quas
399 1170 493 1224 ulli
535 1169 862 1223 offensiones
905 1169 1218 1239 obtulisset,
1260 1170 1598 1246 ignosceret,
1642 1174 1701 1227 in
1741 1175 2108 1233 tabernaculis
2147 1181 2254 1233 di-¹

135 1261 291 1316 vinae
333 1260 570 1315 fiduciae
611 1260 912 1336 requievit.
952 1258 1061 1326 At„
1103 1259 1323 1315 Victori
1365 1261 1737 1335 Emmanuel,
1780 1267 1908 1321 satis
1962 1269 2141 1324 vixisti
2183 1273 2227 1326 si

134 1371 251 1406 non
293 1350 363 1405 ad
403 1351 543 1407 vitae
585 1350 849 1405 naturalis
892 1370 1145 1420 cursum,
1174 1362 1230 1405 et
1277 1372 1596 1430 prosperam
1635 1355 2079 1412 vicissitudinum
2119 1360 2226 1415 for-

138 1453 336 1496 tunam
366 1483 381 1510 ,
424 1441 554 1496 satis
595 1440 666 1495 ad
705 1441 967 1497 virtutem
1007 1451 1064 1495 et
1104 1441 1475 1498 immortalem
1517 1444 1752 1521 gloriam
1805 1468 1999 1504 aevum
2038 1449 2229 1504 tradu-

136 1533 290 1588 xisti.
333 1531 633 1601 Quantum
687 1552 835 1587 mors
889 1532 1029 1587 vitae
1054 1573 1069 1602 7
1111 1532 1361 1588 felicitati
1413 1535 1635 1590 fortuna
1677 1536 1917 1594 detraxit
1940 1581 1956 1609 7
2005 1552 2229 1596 tantum

137 1643 426 1699 supernae,
455 1634 520 1677 ut
560 1642 715 1680 meus
758 1635 1067 1697 auguratur
1094 1623 1332 1694 animus,
1375 1624 1594 1681 addidit
1636 1628 1685 1682 ei
1726 1630 1976 1704 praemio
2017 1631 2076 1686 in
2105 1653 2228 1687 coe—

139 1712 204 1767 lis
246 1713 616 1788 sempiterno.
656 1711 803 1766 Illud
844 1724 1031 1768 autem
1072 1714 1131 1767 in
1184 1726 1343 1770 tanto
1384 1716 1575 1772 funere
1630 1718 1871 1774 Victorii
1921 1720 2233 1780 Emmamb

139 1804 234 1859 elis
295 1803 649 1858 acerbissimo
689 1823 791 1858 nos
852 1803 1270 1879 quodammodo
1311 1805 1492 1861 reficit
1553 1829 1616 1862 ac
1656 1822 1870 1864 recreat
1894 1853 1909 1880 .,
1951 1812 2105 1887 quod
2166 1814 2225 1867 in

140 1892 622 1971 providentissimo
676 1913 805 1968 rege
861 1893 1063 1949 Carolo
1107 1894 1288 1950 Felice
1329 1910 1616 1972 parentem
1658 1899 1893 1955 alterum
1934 1923 2106 1978 aeque
2146 1905 2228 1980 pi-

140 2004 266 2053 um⁷
309 1983 672 2059 prudentem,
717 1983 1067 2038 moderatum
1108 1997 1164 2040 et
1204 1986 1537 2041 munificum
1578 1990 1761 2044 sortiti
1802 2011 2017 2063 sumus,
2061 2015 2228 2069 quem

144 2075 295 2128 Deus
342 2073 411 2128 O.
453 2074 532 2129 M.
574 2074 882 2128 diutissime
923 2087 1095 2130 servet
1122 2076 1462 2132 ineolumem
1503 2090 1559 2133 et
1599 2079 1862 2155 sospitem
1902 2082 1972 2137 ad
2013 2084 2227 2140 univer-

145 2166 188 2219 si
229 2165 422 2241 populi
463 2165 566 2220 sibi
608 2165 886 2220 commissi
925 2165 1244 2222 felicitatem
1285 2179 1342 2223 et
1382 2168 1804 2225 incrementum..
