2398 3512
1164 101 1222 135 11

145 165 280 222 biles
322 166 717 244 imperiorum,
773 180 829 222 et
870 168 1245 245 imperantum
1286 173 1706 233 vicissitudines!
1750 179 1977 258 Serpuit
2019 183 2236 240 occulte,

155 255 397 333 maligna
437 256 713 334 quaedam
752 278 940 312 rerum
980 260 1363 316 novandarum
1416 264 1615 337 febris,
1666 289 1807 344 quae
1861 272 2082 343 subito,
2137 295 2241 328 ceu

144 345 403 403 vulcanus
431 368 752 424 erumpem,
783 349 977 404 invasit
1004 351 1216 406 animos
1257 352 1608 411 audentiores
1627 399 1642 427 .‚
1671 379 1811 433 quos
1854 362 2114 433 ambitio7
2156 363 2238 417 lu-

142 437 359 509 xuries,
404 450 462 493 et
503 439 624 493 aeris
666 459 823 493 amor
864 461 994 494 cum
1034 442 1497 516 perniciosissimo
1538 467 1733 522 pravae
1774 450 2043 507 libertatis
2086 467 2241 508 aestu

140 528 209 583 ab
250 528 554 585 honestatis
577 571 593 599 ‚
636 540 692 583 et
728 528 971 605 justitiae
1012 532 1235 587 tramite
1291 534 1700 607 abstraxerant,
1743 552 1799 593 et
1840 540 1984 596 illico
2020 543 2236 618 impetu

141 618 288 674 facto
349 618 561 675 subditi
622 618 938 675 aberrantes
999 621 1058 674 in
1119 621 1438 692 dominum,
1489 626 1696 702 ingrati
1756 629 1853 683 filii
1909 632 1967 684 in
2020 644 2237 707 patrem

140 708 583 765 amantissimum
651 709 1000 785 irrumpunt,
1042 710 1219 787 legem
1280 713 1487 770 dicturi
1546 719 1774 794 proprio
1806 762 1821 789 a
1876 721 2237 798 legitimoque

136 798 450 874 legislatori.
503 799 818 856 Invariabili
865 821 1080 877 semper
1126 804 1312 858 animo
1341 805 1445 859 sibi
1499 820 1757 863 constans
1800 809 2127 865 immortalis
2156 833 2239 866 re-

136 890 261 966 gius
302 889 465 945 heros
506 912 577 946 ne
617 891 919 945 minimum
961 891 1189 966 quidem
1231 914 1262 948 a
1302 916 1547 965 summa,
1602 919 1714 973 qua
1749 900 2093 975 praestabat„
2122 922 2241 956 mo-

135 980 452 1051 deratione„
494 994 551 1037 et
591 983 1021 1059 tranquillitate,
1065 1005 1208 1061 quae
1249 1006 1541 1062 nunquam
1582 1009 1610 1044 e
1660 990 1950 1066 religioso.,
1995 991 2239 1067 fortique

128 1072 245 1127 viro
306 1071 646 1149 sejungitur,
691 1073 806 1128 ullo
866 1074 1039 1129 modo
1096 1075 1348 1148 dessexit3
1402 1077 1807 1154 imperterritos
1871 1081 2237 1136 accedentum

131 1163 314 1220 vultus
357 1184 453 1218 ore
494 1184 687 1218 sereno
727 1164 1025 1241 respiciens
1068 1186 1263 1221 eorum
1303 1180 1428 1222 vota
1484 1190 1580 1223 seu
1620 1172 1807 1247 potius
1849 1173 2097 1246 querelas
2138 1173 2240 1227 im-

121 1255 487 1331 perturbatus
531 1255 784 1330 accepit‚
828 1269 884 1311 et
925 1277 1038 1332 quo
1079 1258 1255 1333 magis
1297 1258 1650 1315 increbuerat
1690 1261 1911 1316 illorum
1966 1263 2234 1334 audacia‚

117 1364 184 1400 eo
227 1346 406 1422 magis
453 1345 710 1401 inaudita
751 1348 1185 1402 mansuetudine
1229 1347 1511 1406 Victorius
1564 1350 1823 1406 studebat
1879 1353 2104 1408 eosdem
2155 1375 2239 1409 re-

117 1456 315 1491 vocare
358 1437 428 1492 ab
470 1437 732 1514 incepto,
775 1438 916 1513 quin
959 1437 1172 1514 aliquid
1210 1440 1518 1515 proliceret.
1560 1441 1724 1495 Tunc
1760 1462 1919 1512 vero,
1965 1444 2238 1519 quoniam

118 1547 204 1582 res
247 1548 314 1582 eo
359 1526 605 1583 deducta
651 1540 806 1598 erat,
836 1529 915 1583 ita
955 1541 1021 1584 ut
1061 1549 1255 1605 capere
1297 1531 1591 1584 consilium
1630 1552 1851 1586 necesse
1893 1545 2065 1603 esset,
2095 1535 2237 1610 quin

121 1616 310 1672 officio
370 1616 636 1673 deficeret
684 1639 819 1688 suo,
862 1619 1001 1694 quin
1053 1632 1275 1695 pactam
1330 1641 1459 1674 cum
1511 1621 1922 1696 potentioribus
1975 1623 2236 1700 Europae

125 1708 423 1764 foederatis
485 1708 658 1764 {idem
697 1709 958 1778 violaret7
1000 1710 1141 1785 quin
1195 1710 1255 1763 in
1307 1710 1675 1786 perduellium
1716 1712 2137 1784 infidelitatem,
2179 1727 2237 1769 et

130 1799 191 1853 in
234 1800 547 1875 legionum,
589 1820 732 1875 quae
775 1799 1122 1867 defecerant,
1166 1801 1433 1854 nefariam
1473 1801 1853 1877 proditionem
1893 1803 2235 1860 animadver-

123 1902 297 1960 teret7
340 1890 570 1945 ultionis
612 1890 862 1960 nescius,
912 1890 1094 1966 regale
1130 1890 1357 1960 solium,
1402 1891 1557 1966 quod
1597 1892 1769 1946 tantis
1811 1892 2105 1949 virtutibus
2146 1915 2234 1949 or-

121 1994 374 2051 naverat,
417 2001 560 2037 novo
603 1981 988 2058 generositatis
1037 1981 1291 2056 exemplo
1334 1981 1782 2057 tranquillissime
1825 1981 2128 2054 abdicavit,
2177 1997 2234 2040 et

126 2092 410 2128 summam
449 2092 640 2126 rerum
680 2072 935 2126 omnium
989 2093 1119 2126 cum
1165 2071 1318 2146 regia
1358 2083 1631 2147 potestate
1682 2073 1967 2128 transtulit
2017 2074 2076 2127 in
2137 2095 2232 2128 au-

125 2177 361 2240 gustum
421 2164 648 2218 fratrem
693 2162 959 2217 Carolum
994 2163 1249 2218 Felicem.
1310 2161 1468 2231 Quid
1505 2162 1878 2232 moderatius,
1921 2163 2059 2238 quid
2100 2185 2230 2240 pru-

127 2254 385 2323 denfim,
428 2253 568 2330 quid
605 2254 974 2331 opportunius
1022 2255 1325 2329 excogitari
1366 2264 1585 2328 poterat
1625 2252 1696 2305 ad
1737 2253 2017 2307 vitandam
2060 2255 2227 2308 civilis

127 2344 416 2422 sanguinis
452 2345 809 2415 effusionem⁷
851 2344 921 2399 ad
962 2344 1413 2420 prospiciendum
1456 2343 1515 2395 in
1555 2355 1713 2397 tanta
1762 2345 2029 2420 temporis
2085 2344 2228 2398 diffi-

126 2436 336 2491 cultate
375 2436 633 2512 publicae
676 2435 854 2511 quieti
895 2448 951 2490 et
990 2434 1295 2490 fortunae?
1366 2433 1545 2488 Cessit
1598 2434 1787 2509 itaque
1830 2435 1879 2488 T
1884 2435 2110 2506 aurino7
2167 2448 2223 2490 et

114 2540 386 2604 tanquam
429 2527 670 2602 privatus
706 2525 968 2580 Nicaeam
1015 2524 1318 2581 contendit.
1362 2524 1592 2579 Divinae
1632 2525 2011 2601 providentiae
2065 2547 2223 2601 prae-

126 2617 271 2673 sidio
329 2618 391 2671 in
439 2617 677 2672 fiduciae
729 2616 1100 2671 tabernaculis
1160 2637 1375 2692 semper
1415 2627 1473 2670 et
1511 2614 1722 2690 ubique
1771 2616 1875 2670 sibi
1929 2628 2221 2685 constans7

130 2729 263 2764 cum
302 2708 549 2783 primum
591 2728 622 2761 a
663 2720 750 2762 tot
796 2719 1190 2782 tempestatum
1231 2706 1483 2777 turbine,
1526 2717 1583 2760 et
1622 2705 1883 2760 fluctibus
1925 2727 2099 2780 usque
2143 2707 2224 2760 in-

123 2800 455 2877 gruentibus
501 2819 558 2854 se
600 2799 862 2874 cognovit
902 2810 1183 2873 ereptum,
1227 2797 1285 2851 in
1330 2798 1575 2852 Domino
1629 2797 1938 2852 laetabatur
1992 2797 2220 2852 tandem

127 2909 195 2946 eo
234 2890 547 2966 pervenisse
571 2931 587 2959 ‚
628 2901 694 2944 ut
734 2888 793 2942 in
835 2887 1095 2964 opulenta
1135 2888 1263 2944 sede
1306 2888 1699 2964 conquiescere
1740 2899 1936 2962 posset.

285 2993 417 3048 Non
459 2994 696 3049 deerunt
735 2994 961 3049 fortasse
1002 2993 1062 3046 in
1101 3005 1258 3047 tanta
1300 2991 1694 3045 blaterantium
1735 2991 2074 3065 frequentia,
2117 2990 2215 3065 qui

129 3083 365 3143 aliorum
404 3085 549 3139 sacta
589 3083 719 3138 licet
758 3083 1129 3159 pulcherrima
1157 3082 1384 3161 proprio
1424 3094 1602 3136 marte
1638 3080 1972 3155 judicantes,
2002 3081 2215 3155 magni—
