2398 3512
168 183 393 258 egregie
432 191 483 234 et
507 179 741 255 sortiter
763 176 947 252 sactis
968 218 984 247 a
1026 195 1206 254 quam
1253 177 1356 253 qui
1395 178 1648 231 maxime
1700 172 2022 254 gloriosum.
2076 179 2265 234 Parui

169 284 360 325 tamen
402 266 722 325 humillime
763 288 879 321 non
920 268 1048 322 sine
1086 267 1238 343 grati
1275 269 1461 321 animi
1498 268 1917 348 significatione
1957 272 2124 325 nutui
2167 268 2264 324 lto—

171 363 667 440 norisicentissimo
685 402 700 430 7
743 378 856 435 quo
897 355 1141 415 vocabar
1164 354 1247 411 ad
1271 376 1418 413 onus
1450 355 1702 414 humeris
1725 356 1907 438 plane
1934 362 2075 416 meis
2110 381 2265 416 sum-

171 471 396 532 mopere
422 453 665 529 gravius.
711 449 947 505 Utinam
976 445 1119 503 milti
1148 459 1465 527 suppeteret
1492 460 1712 503 tantum
1730 447 2265 528 facultatis7quan—

169 557 286 600 tum
318 540 639 612 voluntatis.)
669 557 783 618 quo
810 538 1166 594 demortuum
1193 558 1381 616 regem
1405 537 1680 613 fraterna
1722 539 1822 594 tibi
1858 539 2135 597 charitate
2174 540 2270 597 de-

172 636 580 693 vint-tissimum
642 651 873 712 possem
928 627 1223 711 parentali
1275 627 1610 686 laudatione
1671 629 1995 688 celebrare!
2058 634 2270 688 Fateor

173 738 364 780 autem
418 724 806 804 apeltissz'me,
849 741 940 776 me
981 723 1238 777 timuisse
1291 723 1353 775 in
1407 718 1518 776 liae
1572 719 2002 793 elucubranda,
2055 723 2268 802 tibique

174 813 710 895 nuncupanda„'ne
750 811 1575 892 recordatione.augustissimi
1596 812 1809 890 fratris
1852 817 1915 869 in
1962 814 2043 870 Te
2082 835 2267 870 recru-

174 906 426 962 descetet
466 902 685 960 uulnus
738 916 901 960 tanta
954 900 1169 960 doloris
1219 903 1523 960 acerbitate
1561 907 1624 959 in
1677 908 1792 960 imo
1845 907 2088 984 pectoris
2135 905 2267 985 infi-

175 1018 333 1053 xum.
401 994 522 1052 Sed
560 995 897 1096 reputabam
950 992 1193 1051 i'nsunul
1237 999 1466 1067 animo
1509 994 1667 1073 quod
1716 1017 1846 1050 cum
1899 992 2012 1050 Ille
2064 1009 2269 1050 cuncta

177 1089 525 1144 auctori'tatzs
569 1085 750 1166 j‚ura
779 1098 830 1142 et
871 1082 1269 1166 amplissimae
1309 1085 1605 1164 dignitatis
1646 1107 1764 1168 ma]
1758 1099 2005 1142 estatem
2045 1086 2146 1142 tibi
2184 1084 2268 1141 lu-

177 1179 354 1250 bens
397 1176 703 1255 volensque
743 1179 1007 1248 ces'serzt‚
1050 1178 1289 1258 mitifice
1327 1173 1616 1232 consuluit
1667 1198 1859 1233 terum
1906 1174 2270 1258 publicarum

164 1268 470 1346 felicitati,
511 1282 759 1346 tuaeque
813 1265 982 1324 laudi
997 1311 1013 1339 ⁷
1055 1281 1108 1323 et
1155 1267 1637 1324 commendationi
1685 1281 1966 1324 aeternae.
2031 1266 2273 1348 Suscepi

179 1364 356 1439 igitur
404 1362 644 1421 oratoris
693 1371 890 1439 partes
943 1357 1072 1415 licet
1125 1358 1346 1415 arduas
1365 1402 1380 1430 7
1422 1362 1679 1437 meisque
1732 1358 1940 1417 viribus
1993 1362 2272 1439 impares7

169 1452 366 1529 fretus
408 1471 522 1506 non
565 1449 788 1506 modica
832 1471 934 1530 spe
971 1448 1151 1526 facile
1181 1451 1482 1527 futurum,
1525 1464 1586 1507 ut
1630 1449 2014 1519 humanitate7
2054 1452 2273 1528 ingeni-

183 1556 359 1620 taque
400 1555 646 1598 naturae
685 1546 975 1613 comitate,
1018 1564 1138 1620 qua
1178 1546 1374 1598 marito
1413 1540 1580 1624 apud
1615 1562 1813 1599 omnes
1853 1539 2191 1612 celebrariS,
2219 1542 2274 1598 si

184 1637 378 1689 minus
419 1636 481 1688 in
509 1631 808 1689 scribendo
837 1630 1159 1689 attulissem
1186 1637 1430 1711 ingenii,
1453 1646 1504 1690 et
1545 1631 1932 1712 eloquentiae,
1960 1631 2273 1710 obsequen-

185 1728 393 1782 tissimi
429 1721 635 1780 saltem
676 1727 861 1780 animi
906 1723 1164 1780 studium
1212 1723 1585 1804 probavisses,
1648 1724 1877 1804 Eoecipe
1924 1725 2099 1803 igitur
2147 1743 2276 1777 con-

185 1828 350 1873 sueta
391 1814 765 1893 benignitate,
805 1816 1086 1895 Princeps
1123 1813 1606 1887 Clementissime,
1635 1835 2037 1893 quaecumque
2076 1835 2145 1871 ea
2172 1818 2271 1885 sit,

188 1905 642 1963 lucubrationem
679 1907 1054 1982 faustissimo
1106 1920 1202 1962 tuo
1250 1911 1469 1962 nomini
1514 1907 1652 1987 jure
1704 1909 2025 1986 optimoque
2081 1909 2276 1962 merito

188 2019 422 2055 sacram.
469 1998 561 2052 Tu
601 2000 755 2052 enim
795 1996 983 2054 dz'wino
1017 2018 1259 2077 prorsus
1299 1996 1537 2053 consilio
1577 1998 1650 2054 ab
1691 1997 1888 2053 eodem
1926 2001 2050 2077 ipso
2090 2018 2278 2055 evoca-

189 2102 310 2159 tus„
352 2099 405 2143 et
444 2090 816 2158 constitutus,
844 2101 904 2143 ut
930 2101 1151 2144 sartam
1187 2110 1379 2144 rerum
1405 2087 1776 2192 publicarum
1817 2108 2018 2144 navem
2058 2091 2120 2142 in
2164 2100 2281 2143 tuto

187 2198 430 2259 poneres
484 2189 537 2233 et
588 2180 724 2234 scite
762 2177 1144 2255 gubernares⁹
1186 2201 1303 2235 non
1356 2182 1521 2257 regni
1571 2191 1821 2249 tantum,
1862 2177 1969 2234 sed
2019 2180 2087 2236 vit
2090 2190 2283 2233 tutum

193 2270 396 2325 haeres
416 2311 431 2340 ‚
473 2281 525 2323 et
564 2266 782 2346 gloriae
821 2272 1080 2341 evasisti,
1121 2282 1173 2324 et
1213 2268 1377 2349 apud
1414 2291 1611 2326 omnes
1645 2267 1882 2350 publica
1920 2267 2281 2324 commenda-

194 2363 345 2414 tione
372 2357 518 2437 jure
558 2362 814 2414 maximo
854 2358 1108 2417 donaris.

351 2446 517 2504 Illud
554 2470 737 2505 unum
777 2464 1067 2532 superest,
1109 2464 1171 2507 ut
1208 2450 1441 2528 fervida
1483 2449 1565 2506 ad
1601 2450 1797 2506 Deum
1836 2452 2110 2530 optimum
2163 2468 2286 2503 ma·-

200 2544 425 2595 oeimum
466 2551 587 2596 vota
628 2543 862 2596 enixius
903 2555 1154 2623 repetam
1188 2563 1295 2622 pro
1322 2538 1598 2597 incolumi
1635 2554 1686 2596 et
1720 2543 1929 2620 sospite
1955 2538 2285 2621 ZWIajestatis

209 2632 371 2686 Tuae
430 2626 754 2685 valetudine
812 2634 874 2686 in
935 2653 1083 2708 qua,
1125 2645 1253 2712 post
1308 2631 1656 2713 Supremum
1709 2630 1913 2685 mttndi
1964 2631 2284 2699 Rectorem⁷

203 2718 559 2778 subditorum
597 2717 765 2776 salus
813 2726 1155 2795 continetur,
1193 2744 1336 2801 quos
1375 2727 1525 2779 inter
1562 2720 2018 2778 addictissimum
2064 2723 2150 2776 tui
2201 2739 2290 2773 me

206 2832 455 2893 semper,
484 2831 819 2891 semperque
859 2811 1076 2871 habeas
1118 2812 1293 2872 velim.
